@article{Kosugi2007,
    author = {Kosugi, T and Gillingham, R H},
    journal = {Sol. Phys.},
    volume = {243},
    pages = {3},
    year = {2007}
}

@article{Bland2001,
    author = {Bland-Hawthorn, J and van Breugel, W and Gillingham, P R},
    journal = {ApJ},
    volume = {563},
    pages = {611},
    year = {2001}
}

@article{Kosugi2009,
    author = {Kosugi, T and Matsuzaki, K and Sakao, R and Bettonvil, F C and Sutterlin, P and Hammerschlag, R H},
    journal = {Sol. Phys.},
    volume = {243},
    pages = {3},
    year = {2009}
}

@Book{Stix2004,
    author = {Stix, M},
    booktitle = {The Sun: An Introduction},
    year = {2004},
    edition = {2},
    title = {Astronomy and Astrophysics Library},
    publisher = {Springer},
    address = {Berlin},
    isbn = {3540207414}
}

@inproceedings{Bettonvil2003,
    author = {Bettonvil, F C and Sutterlin, P and Hammerschlag, R H and Rutten, R J and Stix, M},
    title = {Proc. SPIE Conf. Ser.},
    volume = {4853}, 
    pages = {306},
    year = {2003}
}

@inproceedings{Rutten2007,
    author = {Rutten, R J},
    title = {The Physics of Chromospheric Plasmas},
    editor = {P. Heinzel and I. Dorotovic and R. J. Rutten},
    booktitle = {ASP Conf. Ser.},
    volume = {368},
    year = {2007},
    pages = {27}
}

@article{Paivio1975,
  title={Comparisons through the mind’s eye},
  author={Power, Jonathan D and Cohen, Alexander L and Nelson, Steven M and Wig, Gagan S and Barnes, Kelly Anne and Church, Jessica A and Vogel, Alecia C and Laumann, Timothy O and Miezin, Fran M and Schlaggar, Bradley L},
  journal={Cognition},
  volume={37},
  number={2},
  pages={635},
  year={1975}
}

@Book{Strunk1979,
    author = {W. {Strunk Jr.} and E. B. White},
    title={The Elements of Style},
    year = {1979},
    edition = {3},
    chapter = {Chapter 4},
    publisher = {MacMillan},
    address = {New York}}


